@inproceedings{zhang2000linux,
	title={Linux virtual server for scalable network services},
	author={Zhang, Wensong and others}
}


@online{noauthorsparknodate,
	title = {{Spark Streaming - Spark 2.4.5 Documentation}},
	howpublished = "\url{https://spark.apache.org/docs/latest/streaming-programming-guide.html}",
	urldate = {2020-02-22},
}

@online{noauthorred2018,
	author = {{MuyLinux}},
	title = {{Red Hat lidera el segmento Linux en el mercado de servidores}},
	howpublished = "\url{https://www.muylinux.com/2018/10/19/red-hat-lidera-mercado-linux-servidores/}",
	abstract = {Según un informe de {IDC}, Red Hat lidera claramente el mercado profesional de Linux orientado a servidores.},
	titleaddon = {{MuyLinux}},
	urldate = {2020-02-22},
	date = {2018-10-19},
	langid = {spanish},
}

@online{noauthorapacheflume,
	title = {{Apache Flume}},
	howpublished = "\url{https://flume.apache.org/}",
	abstract = {Flume is a distributed, reliable, and available service for efficiently collecting, aggregating, and moving large amounts of log data.},
	titleaddon = {Apache Flume},
	urldate = {2020-02-22},
	langid = {english},
}

@online{noauthorhadoop,
	title = {{Apache Hadoop}},
	howpublished = "\url{https://hadoop.apache.org/}",
	abstract = {The Apache Hadoop software library is a framework that allows for the distributed processing of large data sets across clusters of computers using simple programming models.},
	titleaddon = {Apache Hadoop},
	urldate = {2020-02-22},
	langid = {english},
}

@online{noauthorapachenodate,
	title = {{Apache Kafka}},
	howpublished = "\url{https://kafka.apache.org/}",
	abstract = {Apache Kafka: A Distributed Streaming Platform.},
	titleaddon = {Apache Kafka},
	urldate = {2020-02-22},
	langid = {english},
}

@software{juez2019docker,
	title = {mjuez/spark-cluster-docker},
	rights = {{GPL}-3.0},
	howpublished = "\url{https://github.com/mjuez/spark-cluster-docker}",
	abstract = {Docker setup for a local spark cluster environment deployment.},
	author = {Juez-Gil, Mario},
	urldate = {2020-02-22},
	date = {2019-06-26},
}

@software{confluentic2020docker,
	title = {confluentinc/cp-docker-images},
	rights = {{APACHE}-2.0},
	howpublished = "\url{https://github.com/confluentinc/cp-docker-images}",
	abstract = {Docker images for Confluent Platform.},
	author = {Juez-Gil, Mario},
	urldate = {2020-06-03},
	date = {2020-05-20},
}

@misc{ wiki:hsv,
	author = "Wikipedia",
	title = "Modelo de color HSV --- Wikipedia{,} La enciclopedia libre",
	year = "2019",
	howpublished = "\url{https://es.wikipedia.org/w/index.php?title=Modelo_de_color_HSV&oldid=118742027}",
	note = "[Internet; descargado 5-mayo-2020]"
}


@misc{ toolkitnvidiadocker,
	author = "ArchLinux Wiki Authors",
	title = "Docker",
	year = "2020",
	howpublished = "\url{https://wiki.archlinux.org/index.php?title=Docker&oldid=622596}",
	note = "[Internet; descargado 31-junio-2020]"
}

@misc{garrido2019opencv,
	author = "José Luis Garrido-Labrador",
	title = "{Procesamiento digital de imagen y video en
	Python con OpenCV}",
	year = "2019",
	howpublished = "\url{https://github.com/jlgarridol/Python-OpenCV-Guide}",
}

@misc{pklab2017bright,
	author = "PkLab",
	title = "{How to make auto-adjustments(brightness and contrast) for image Android Opencv Image Correction}",
	year = "2017",
	howpublished = "\url{https://answers.opencv.org/question/75510/how-to-make-auto-adjustmentsbrightness-and-contrast-for-image-android-opencv-image-correction/}",
}

@inproceedings{callaghan2002streaming,
	title={Streaming-data algorithms for high-quality clustering},
	author={O'Callaghan, Liadan and Mishra, Nina and Meyerson, Adam and Guha, Sudipto and Motwani, Rajeev},
	booktitle={Proceedings 18th International Conference on Data Engineering},
	pages={685--694},
	year={2002},
	organization={IEEE}
}

@book{bifet2018machine,
	title={Machine learning for data streams: with practical examples in MOA},
	author={Bifet, Albert and Gavald{\`a}, Ricard and Holmes, Geoff and Pfahringer, Bernhard},
	year={2018},
	publisher={MIT Press}
}

@BOOK {christos1994computational,
	author    = "Papadimitriou, Christos H.",
	title     = "Computational Complexity",
	publisher = "Addison–Wesley",
	year      = "1994"
}

@misc{ wiki:computaciondistribuida,
	author = "{Wikipedia contributors}",
	title = "Distributed computing --- {Wikipedia}{,} The Free Encyclopedia",
	year = "2020",
	howpublished = "\url{https://en.wikipedia.org/w/index.php?title=Distributed_computing&oldid=956299584}",
	note = "[Online; accessed 20-May-2020]"
}

@misc {tool:jinja,
	title        = "Welcome to Jinja2",
	author       = "Ronacher, Armin and Lord, David and Mönnich, Adrian and Unterwaditzer, Markus",
	organization = "Pallets",
	year         = "2008",
	howpublished = "\url{http://jinja.pocoo.org/docs/2.10/}"
}

@misc {tool:flask,
	title        = "Welcome to Flask",
	author       = "Ronacher, Armin and Lord, David and Mönnich, Adrian and Unterwaditzer, Markus",
	organization = "Pallets",
	year         = "2010",
	howpublished = "\url{http://flask.pocoo.org/docs/1.0/}"
}

@misc{ wiki:boostrap,
	author = "{Wikipedia contributors}",
	title = "Bootstrap (front-end framework) --- {Wikipedia}{,} The Free Encyclopedia",
	year = "2019",
	howpublished = "\url{https://en.wikipedia.org/w/index.php?title=Bootstrap_(front-end_framework)&oldid=895052706}",
	note = "[Online; accessed 16-May-2019]"
}

@misc{ wiki:jquery,
	author = "{Wikipedia contributors}",
	title = "JQuery --- {Wikipedia}{,} The Free Encyclopedia",
	year = "2019",
	howpublished = "\url{https://en.wikipedia.org/w/index.php?title=JQuery&oldid=896325154}",
	note = "[Online; accessed 16-May-2019]"
}

@misc {tool:jitsi,
	title        = "GitHub repositories of Jitsi",
	organization = "Jitsi.org",
	year         = "2020",
	howpublished = "\url{https://github.com/jitsi}"
}

@misc{amit2017kafka,
 title = {Video Stream Analytics Using OpenCV, Kafka and Spark Technologies},
 howpublished = "\url{https://www.infoq.com/articles/video-stream-analytics-opencv/}",
 year = 2017,
 author = "Baghel, Amit" 
}

@article{jia2014caffe,
	Author = {Jia, Yangqing and Shelhamer, Evan and Donahue, Jeff and Karayev, Sergey and Long, Jonathan and Girshick, Ross and Guadarrama, Sergio and Darrell, Trevor},
	Journal = {arXiv preprint arXiv:1408.5093},
	Title = {Caffe: Convolutional Architecture for Fast Feature Embedding},
	Year = {2014}
}

@misc {tool:zlib,
	title        = "ZLib",
	author = "Roelofs, Greg and Adler, Mark and Gailly, Jean-loup",
	year         = "2017",
	howpublished = "\url{https://zlib.net/manual.html}"
}

@misc {tool:gzip,
	title        = "GZip",
	author = "Adler, Mark and Gailly, Jean-loup",
	year         = "2018",
	howpublished = "\url{https://www.gnu.org/software/gzip/manual/gzip.html}"
}

@misc {tool:pylzma,
	title        = "PyLZMA",
	author = "Bauch, Joachim",
	year         = "2019",
	howpublished = "\url{https://www.joachim-bauch.de/projects/pylzma/}"
}

@misc{seroussi1993lempel,
	title={Lempel-Ziv compression scheme with enhanced adapation},
	author={Seroussi, Gadiel and Lempel, Abraham},
	year={1993},
	month={sep},
	note={US Patent 5,243,341}
}

@misc{rodriguez2020flujos,
	title={Aprendizaje sobre flujos de datos, 1. Introducción al análisis sobre flujos},
	author={Rodríguez Diez, Juan José and Arnaiz González, Alvar},
	year={2020},
	month={apr},
}


@article{boutell1997png,
	title={Png (portable network graphics) specification version 1.0},
	author={Boutell, Thomas and Lane, T},
	journal={Network Working Group},
	pages={1--102},
	year={1997}
}

@book{pennebaker1992jpeg,
	title={JPEG: Still image data compression standard},
	author={Pennebaker, William B and Mitchell, Joan L},
	year={1992},
	publisher={Springer Science \& Business Media}
}

@article{opencv_library,
	author = {Bradski, G.},
	citeulike-article-id = {2236121},
	journal = {Dr. Dobb's Journal of Software Tools},
	keywords = {bibtex-import},
	posted-at = {2008-01-15 19:21:54},
	priority = {4},
	title = {{The OpenCV Library}},
	year = {2000}
} 

@article{lawrence1997face,
	title={Face recognition: A convolutional neural-network approach},
	author={Lawrence, Steve and Giles, C Lee and Tsoi, Ah Chung and Back, Andrew D},
	journal={IEEE transactions on neural networks},
	volume={8},
	number={1},
	pages={98--113},
	year={1997},
	publisher={IEEE}
}

@article{linares2019aplicaciones,
	title={Aplicaciones m{\'o}viles en la enfermedad de Parkinson: una revisi{\'o}n sistem{\'a}tica},
	author={Linares-del Rey, M and Vela-Desojo, L and Cano-de la Cuerda, R},
	journal={Neurolog{\'\i}a},
	volume={34},
	number={1},
	pages={38--54},
	year={2019},
	publisher={Elsevier}
}

@article{jadad1996assessing,
	title={Assessing the quality of reports of randomized clinical trials: is blinding necessary?},
	author={Jadad, Alejandro R and Moore, R Andrew and Carroll, Dawn and Jenkinson, Crispin and Reynolds, D John M and Gavaghan, David J and McQuay, Henry J},
	journal={Controlled clinical trials},
	volume={17},
	number={1},
	pages={1--12},
	year={1996},
	publisher={Elsevier}
}

@article{ginis2016feasibility,
	title={Feasibility and effects of home-based smartphone-delivered automated feedback training for gait in people with Parkinson's disease: a pilot randomized controlled trial},
	author={Ginis, Pieter and Nieuwboer, Alice and Dorfman, Moran and Ferrari, Alberto and Gazit, Eran and Canning, Colleen G and Rocchi, Laura and Chiari, Lorenzo and Hausdorff, Jeffrey M and Mirelman, Anat},
	journal={Parkinsonism \& related disorders},
	volume={22},
	pages={28--34},
	year={2016},
	publisher={Elsevier}
}


@MISC {losautoresdekubernetes2020,
	author       = "Los autores de Kubernetes",
	title        = "Documentación de Kubernetes |  Kubernetes",
	howpublished = "\url{https://kubernetes.io/es/docs/home/}",
	month        = "apr",
	year         = "2020"
}

@MISC {salariales,
	author       = "Indeed",
	title        = "Salarios para empleos de A.C.S. Informáticos en España",
	howpublished = "\url{https://www.indeed.es/cmp/A.c.s.-Inform%C3%A1ticos/salaries}",
	month        = "jun",
	year         = "2019"
}